@article{Sch94,
author = "Christophe Schlick",
title = "An Inexpensive BRDF Model for Physically-based Rendering",
publisher = "Proc. Eurographics, Computer Graphics Forum",
volume = "13(3)",
year = 1994
}

